@inproceedings{MBH21,
  author    = {MÃ¶ller, Felix and Botache, Diego and Huseljic, Denis and Heidecker, Florian and Bieshaar, Maarten and Sick, Bernhard},
  booktitle = {{Proc. of CVPR SAIAD Workshop}},
  title     = {{Out-of-distribution Detection and Generation using Soft Brownian Offset Sampling and Autoencoders}},
  year      = 2021
}


